@article{kek,
      author="Rabbert Klein",
      title="Black Holes and Their Relation to Hiding Eggs",
      journal="Theoretical Easter Physics",
      publisher="Eggs Ltd.",
      year="2010",
      note="(to appear)"
}
@article{bernstein,
      author="Daniel J. Bernstein",
      title="Cache-timing attacks on AES",
      year="2005",
}
